<record><leader>00000cas a22000007a 4500</leader><controlfield tag="001">12332697</controlfield><controlfield tag="008">850801d18801885iauwr ne      0    0eng d</controlfield><datafield ind1=" " ind2=" " tag="010"><subfield code="a">sn 85049687 </subfield></datafield><datafield ind1=" " ind2=" " tag="040"><subfield code="a">INP</subfield><subfield code="b">eng</subfield><subfield code="c">INP</subfield><subfield code="d">OCLCQ</subfield></datafield><datafield ind1=" " ind2=" " tag="042"><subfield code="a">msc</subfield></datafield><datafield ind1="0" ind2=" " tag="130"><subfield code="a">Independent (Humboldt, Iowa)</subfield></datafield><datafield ind1="1" ind2="4" tag="245"><subfield code="a">The independent.</subfield></datafield><datafield ind1="1" ind2="3" tag="246"><subfield code="a">Humboldt County independent</subfield></datafield><datafield ind1=" " ind2=" " tag="260"><subfield code="a">Humboldt and Dakota [Dakota City], Humboldt County, Iowa :</subfield><subfield code="b">A. Adams,</subfield><subfield code="c">-1885.</subfield></datafield><datafield ind1=" " ind2=" " tag="300"><subfield code="a">v. :</subfield><subfield code="b">ill. ;</subfield><subfield code="c">56 cm.</subfield></datafield><datafield ind1=" " ind2=" " tag="310"><subfield code="a">Weekly</subfield></datafield><datafield ind1="1" ind2=" " tag="362"><subfield code="a">Began in 1880?</subfield><subfield code="z">Cf. Bibl. of Iowa newspapers.</subfield></datafield><datafield ind1="0" ind2=" " tag="362"><subfield code="a">-v. 17, no. 52 (July 30, 1885).</subfield></datafield><datafield ind1=" " ind2=" " tag="500"><subfield code="a">Issues for Apr. 19-Oct. 18, 1883 have additional masthead, labelled state ed.</subfield></datafield><datafield ind1=" " ind2=" " tag="500"><subfield code="a">Published at Humboldt and Dakota City, Iowa, &lt;Jan. 16-Aug. 12, 1880&gt;; at Livermore, Iowa, &lt;July 29, 1880-May 4, 1882&gt;; at Dakota City, Iowa, &lt;Mar. 22, 1883&gt;-July 30, 1885; Dakota, Iowa, became Dakota City, Iowa, in 1875.</subfield></datafield><datafield ind1=" " ind2=" " tag="500"><subfield code="a">Publisher varies.</subfield></datafield><datafield ind1=" " ind2=" " tag="500"><subfield code="a">Includes separately numbered sections called: Livermore independent, May 10, 1883-&lt;Dec. 25, 1884&gt;; Luverne department, &lt;July 30, 1885&gt;.</subfield></datafield><datafield ind1=" " ind2=" " tag="588"><subfield code="a">Description based on: Vol. 12, no. 24 (Jan. 16, 1880).</subfield></datafield><datafield ind1=" " ind2=" " tag="752"><subfield code="a">United States</subfield><subfield code="b">Iowa</subfield><subfield code="c">Humboldt</subfield><subfield code="d">Humboldt.</subfield></datafield><datafield ind1=" " ind2=" " tag="752"><subfield code="a">United States</subfield><subfield code="b">Iowa</subfield><subfield code="c">Humboldt</subfield><subfield code="d">Dakota City.</subfield></datafield><datafield ind1=" " ind2=" " tag="752"><subfield code="a">United States</subfield><subfield code="b">Iowa</subfield><subfield code="c">Humboldt</subfield><subfield code="d">Dakota.</subfield></datafield><datafield ind1=" " ind2=" " tag="752"><subfield code="a">United States</subfield><subfield code="b">Iowa</subfield><subfield code="c">Humboldt</subfield><subfield code="d">Luverne.</subfield></datafield><datafield ind1=" " ind2=" " tag="752"><subfield code="a">United States</subfield><subfield code="b">Iowa</subfield><subfield code="c">Humboldt</subfield><subfield code="d">Livermore.</subfield></datafield><datafield ind1="0" ind2="0" tag="780"><subfield code="t">Humboldt County independent (Dakota, Iowa : 1868)</subfield><subfield code="w">(DLC)sn 84027104</subfield></datafield><datafield ind1="0" ind2="0" tag="785"><subfield code="t">Humboldt County independent (Dakota City, Iowa : 1885)</subfield><subfield code="w">(DLC)sn 85049688</subfield></datafield><datafield ind1="1" ind2=" " tag="787"><subfield code="t">Livermore independent</subfield></datafield><datafield ind1="1" ind2=" " tag="787"><subfield code="t">Luverne department</subfield></datafield></record>